% This file was created with Citavi 6.10.0.0

@misc{FrankGlinka.2008,
 author = {{Frank Glinka}},
 year = {2008},
 title = {High-Level Development of Multiserver Online Game},
 url = {https://www.hindawi.com/journals/ijcgt/2008/327387/}
}


@misc{gameVerbandderdeutschenGamesBranchee.V..2020,
 author = {{game - Verband der deutschen Games-Branche e.V.}},
 year = {2020},
 title = {Jahresreport der deutschen Games-Branche 2020},
 url = {https://www.game.de/wp-content/uploads/2020/08/game-Jahresreport-2020.pdf}
}


@misc{GitHyp.February2021,
 author = {GitHyp},
 year = {February 2021},
 title = {Most played games on Steam in 2020, by hourly average number of players},
 url = {https://www.statista.com/statistics/656319/steam-most-played-games-average-player-per-hour/}
}


@misc{GrahamMorgan.July242009,
 author = {{Graham Morgan}},
 year = {July 24, 2009},
 title = {Challenges of Online Game Development: A Review},
 url = {https://journals.sagepub.com/doi/abs/10.1177/1046878109340295}
}


@misc{JohnPayne.Sep182019,
 author = {{John Payne}},
 year = {Sep 18, 2019},
 title = {Making Multiplayer Games Doesn't Have to Be Difficult},
 url = {https://medium.com/crayta/making-multiplayer-games-doesnt-have-to-be-difficult-d08d19c83de3}
}


@misc{JonathanBlow.01February2004,
 author = {{Jonathan Blow}},
 year = {01 February 2004},
 title = {Game Development: Harder Than You Think: Ten or twenty years ago it was all fun and games. Now it's blood, sweat, and code.},
 url = {https://dl.acm.org/doi/abs/10.1145/971564.971590#d53264194e1}
}


@misc{JoshAlman.2017,
 author = {{Josh Alman}},
 editor = {{Computer Science and Artificial Intelligence Laboratory, Massachusetts Institute of Technology}},
 year = {2017},
 title = {Theoretical Foundations of Team Matchmaking},
 url = {https://www.ifaamas.org/Proceedings/aamas2017/pdfs/p1073.pdf}
}


@misc{MaximeVeron.19March2014,
 author = {{Maxime V{\'e}ron}},
 year = {19 March 2014},
 title = {Matchmaking in multi-player on-line games: studying user traces to improve the user experience},
 url = {https://dl.acm.org/doi/abs/10.1145/2578260.2578265}
}


@misc{SimonKucher&Partners.2020,
 author = {{Simon-Kucher {\&} Partners}},
 year = {2020},
 title = {Impact of COVID-19 on the frequency of playing multiplayer video games worldwide as of June 2020},
 url = {https://www.statista.com/statistics/1188549/covid-gaming-multiplayer/}
}


@misc{Wikipediacontributors.,
 author = {{Wikipedia contributors}},
 title = {Matchmaking (video games) --- {Wikipedia}{,} The Free Encyclopedia},
 url = {https://en.wikipedia.org/w/index.php?title=Matchmaking_(video_games)&oldid=1056891415},
 urldate = {27-November-2021}
}


